
@techreport{rescorla_transport_2018,
	title = {The {Transport} {Layer} {Security} ({TLS}) {Protocol} {Version} 1.3},
	number = {RFC 8446},
	institution = {Internet Engineering Task Force},
	author = {Rescorla, Eric},
	month = aug,
	year = {2018},
	doi = {10.17487/RFC8446},
}

	
@article{jacksi_development_2019,
	title = {Development {History} {Of} {The} {World} {Wide} {Web}},
	volume = {8},
	issn = {2277-8616},
	number = {09},
	journal = {International Journal of Scientific \& Technology Research},
	author = {Jacksi, Karwan and Abass, Shakir M},
	year = {2019},
}

@article{okoye_accessibility_2014,
	title = {Accessibility of dynamic web applications with emphasis on visually impaired users},
	volume = {2014},
	copyright = {© 2021 The Institution of Engineering and Technology},
	issn = {2051-3305},
	doi = {10.1049/joe.2014.0136},
	number = {9},
	journal = {The Journal of Engineering},
	author = {Okoye, Kingsley and Jahankhani, Hossein and Tawil, Abdel-Rahman H.},
	year = {2014},
	pages = {531--537},
}


@inproceedings{nath_web_2014,
	title = {Web 1.0 to {Web} 3.0 - {Evolution} of the {Web} and its various challenges},
	doi = {10.1109/ICROIT.2014.6798297},
	booktitle = {2014 {International} {Conference} on {Reliability} {Optimization} and {Information} {Technology} ({ICROIT})},
	author = {Nath, Keshab and Dhar, Sourish and Basishtha, Subhash},
	month = feb,
	year = {2014},
	pages = {86--89},
}


@incollection{camden_why_nodate,
	title = {Why {Static} {Sites}?},
	isbn = {978-1-4919-6094-3},
	booktitle = {Working with {Static} {Sites}},
	author = {Camden, Raymond and Rinaldi, Brian},
	pages = {1--8},
    year = {2017}
}

@incollection{fink_introducing_2014,
	address = {Berkeley, CA},
	title = {Introducing {Single} {Page} {Applications}},
	isbn = {978-1-4302-6674-7},
	booktitle = {Pro {Single} {Page} {Application} {Development}: {Using} {Backbone}.js and {ASP}.{NET}},
	publisher = {Apress},
	author = {Fink, Gil and Flatow, Ido},
	year = {2014},
	doi = {10.1007/978-1-4302-6674-7_1},
	pages = {3--13},
}

@misc{noauthor_adobe_nodate,
	title = {Adobe {Flash} {Player} : {Security} vulnerabilities, {CVEs}},
	shorttitle = {Adobe {Flash} {Player}},
	url = {https://www.cvedetails.com/vulnerability-list/vendor_id-53/product_id-6761/Adobe-Flash-Player.html},
	abstract = {Security vulnerabilities of Adobe Flash Player : List of vulnerabilities affecting any version of this product},
	urldate = {2024-01-31},
}

@misc{openjsforg_jquery_nodate,
	title = {{jQuery}},
	url = {https://jquery.com/},
	urldate = {2024-01-31},
}

@misc{noauthor_fetch_2023,
	title = {fetch() global function - {Web} {APIs} {\textbar} {MDN}},
	url = {https://developer.mozilla.org/en-US/docs/Web/API/fetch},
	urldate = {2024-01-31},
	month = nov,
	year = {2023},
}

@article{fraternali_rich_2010,
	title = {Rich {Internet} {Applications}},
	volume = {14},
	issn = {1941-0131},
	doi = {10.1109/MIC.2010.76},
	number = {3},
	journal = {IEEE Internet Computing},
	author = {Fraternali, Piero and Rossi, Gustavo and Sánchez-Figueroa, Fernando},
	month = may,
	year = {2010},
	pages = {9--12},
}

@techreport{reschke_basic_2015,
	type = {Request for {Comments}},
	title = {The '{Basic}' {HTTP} {Authentication} {Scheme}},
	number = {RFC 7617},
	institution = {Internet Engineering Task Force},
	author = {Reschke, Julian},
	month = sep,
	year = {2015},
	doi = {10.17487/RFC7617},
}

@inproceedings{das_tangled_2014,
	title = {The {Tangled} {Web} of {Password} {Reuse}},
	isbn = {978-1-891562-35-8},
	doi = {10.14722/ndss.2014.23357},
	booktitle = {Proceedings 2014 {Network} and {Distributed} {System} {Security} {Symposium}},
	publisher = {Internet Society},
	author = {Das, Anupam and Bonneau, Joseph and Caesar, Matthew and Borisov, Nikita and Wang, XiaoFeng},
	year = {2014},
}


@article{farrell_api_2009,
	title = {{API} {Keys} to the {Kingdom}},
	volume = {13},
	issn = {1941-0131},
	doi = {10.1109/MIC.2009.100},
	number = {5},
	journal = {IEEE Internet Computing},
	author = {Farrell, Stephen},
	month = sep,
	year = {2009},
	pages = {91--93},
}


@techreport{hardt_oauth_2012,
	type = {Request for {Comments}},
	title = {The {OAuth} 2.0 {Authorization} {Framework}},
	url = {https://datatracker.ietf.org/doc/rfc6749},
	number = {RFC 6749},
	institution = {Internet Engineering Task Force},
	author = {Hardt, Dick},
	month = oct,
	year = {2012},
	doi = {10.17487/RFC6749},
}


@techreport{hammer-lahav_oauth_2010,
	type = {Request for {Comments}},
	title = {The {OAuth} 1.0 {Protocol}},
	number = {RFC 5849},
	institution = {Internet Engineering Task Force},
	author = {Hammer-Lahav, Eran},
	month = apr,
	year = {2010},
	doi = {10.17487/RFC5849},
}


@misc{noauthor_post_2023,
	title = {{POST} - {HTTP} {\textbar} {MDN}},
	url = {https://developer.mozilla.org/en-US/docs/Web/HTTP/Methods/POST},
	urldate = {2024-02-08},
	month = dec,
	year = {2023},
}


@techreport{richer_oauth_2015,
	type = {Request for {Comments}},
	title = {{OAuth} 2.0 {Token} {Introspection}},
	number = {RFC 7662},
	institution = {Internet Engineering Task Force},
	author = {Richer, Justin},
	month = oct,
	year = {2015},
	doi = {10.17487/RFC7662},
}


@techreport{jones_json_2015,
	type = {Request for {Comments}},
	title = {{JSON} {Web} {Token} ({JWT})},
	number = {RFC 7519},
	institution = {Internet Engineering Task Force},
	author = {Jones, Michael B. and Bradley, John and Sakimura, Nat},
	month = may,
	year = {2015},
	doi = {10.17487/RFC7519},
}


@techreport{barth_rfc6265_2011,
    title = {HTTP State Management Mechanism},
    number = {RFC 6265},
    doi = {10.17487/RFC6265},
	abstract = {HTTP State Management Mechanism},
	journal = {IETF HTTP Working Group Specifications},
	author = {Barth, A.},
	month = apr,
	year = {2011},
}


@misc{noauthor_html_nodate,
	title = {{HTML} {Standard} - {Web} storage},
	url = {https://html.spec.whatwg.org/multipage/webstorage.html},
	urldate = {2024-02-13},
}

@misc{noauthor_web_2023,
	title = {Web {Storage} {API} - {Web} {APIs} {\textbar} {MDN}},
	url = {https://developer.mozilla.org/en-US/docs/Web/API/Web_Storage_API},
	urldate = {2024-02-13},
	month = dec,
	year = {2023},
}


@inproceedings{fett_comprehensive_2016,
	address = {New York, NY, USA},
	series = {{CCS} '16},
	title = {A {Comprehensive} {Formal} {Security} {Analysis} of {OAuth} 2.0},
	isbn = {978-1-4503-4139-4},
	doi = {10.1145/2976749.2978385},
	booktitle = {Proceedings of the 2016 {ACM} {SIGSAC} {Conference} on {Computer} and {Communications} {Security}},
	publisher = {Association for Computing Machinery},
	author = {Fett, Daniel and Küsters, Ralf and Schmitz, Guido},
	month = oct,
	year = {2016},
	pages = {1204--1215},
}


@inproceedings{philippaerts_oauch_2022,
	address = {New York, NY, USA},
	series = {{RAID} '22},
	title = {{OAuch}: {Exploring} {Security} {Compliance} in the {OAuth} 2.0 {Ecosystem}},
	isbn = {978-1-4503-9704-9},
	shorttitle = {{OAuch}},
	doi = {10.1145/3545948.3545955},
	booktitle = {Proceedings of the 25th {International} {Symposium} on {Research} in {Attacks}, {Intrusions} and {Defenses}},
	publisher = {Association for Computing Machinery},
	author = {Philippaerts, Pieter and Preuveneers, Davy and Joosen, Wouter},
	month = oct,
	year = {2022},
	pages = {460--481},
}


@inproceedings{yang_model-based_2016,
	address = {New York, NY, USA},
	series = {{ASIA} {CCS} '16},
	title = {Model-based {Security} {Testing}: {An} {Empirical} {Study} on {OAuth} 2.0 {Implementations}},
	isbn = {978-1-4503-4233-9},
	shorttitle = {Model-based {Security} {Testing}},
	doi = {10.1145/2897845.2897874},
	booktitle = {Proceedings of the 11th {ACM} on {Asia} {Conference} on {Computer} and {Communications} {Security}},
	publisher = {Association for Computing Machinery},
	author = {Yang, Ronghai and Li, Guanchen and Lau, Wing Cheong and Zhang, Kehuan and Hu, Pili},
	month = may,
	year = {2016},
	pages = {651--662},
}


@incollection{tonetta_security_2017,
	address = {Cham},
	title = {Security {Flows} in {OAuth} 2.0 {Framework}: {A} {Case} {Study}},
	volume = {10489},
	isbn = {978-3-319-66283-1 978-3-319-66284-8},
	shorttitle = {Security {Flows} in {OAuth} 2.0 {Framework}},
	booktitle = {Computer {Safety}, {Reliability}, and {Security}},
	publisher = {Springer International Publishing},
	author = {Argyriou, Marios and Dragoni, Nicola and Spognardi, Angelo},
	editor = {Tonetta, Stefano and Schoitsch, Erwin and Bitsch, Friedemann},
	year = {2017},
	doi = {10.1007/978-3-319-66284-8_33},
	pages = {396--406},
}


@inproceedings{dhamija_why_2006,
	address = {Montréal Québec Canada},
	title = {Why phishing works},
	isbn = {978-1-59593-372-0},
	doi = {10.1145/1124772.1124861},
	booktitle = {Proceedings of the {SIGCHI} {Conference} on {Human} {Factors} in {Computing} {Systems}},
	publisher = {ACM},
	author = {Dhamija, Rachna and Tygar, J. D. and Hearst, Marti},
	month = apr,
	year = {2006},
	pages = {581--590},
}


@techreport{fielding_http_2022,
	type = {Request for {Comments}},
	title = {{HTTP} {Semantics}},
	number = {RFC 9110},
	institution = {Internet Engineering Task Force},
	author = {Fielding, Roy T. and Nottingham, Mark and Reschke, Julian},
	month = jun,
	year = {2022},
	doi = {10.17487/RFC9110},
}


@inproceedings{yang_security_2013,
	title = {A security analysis of the {OAuth} protocol},
	doi = {10.1109/PACRIM.2013.6625487},
	booktitle = {2013 {IEEE} {Pacific} {Rim} {Conference} on {Communications}, {Computers} and {Signal} {Processing} ({PACRIM})},
	author = {Yang, Feng and Manoharan, Sathiamoorthy},
	month = aug,
	year = {2013},
	note = {ISSN: 2154-5952},
	pages = {271--276},
}


@inproceedings{darwish_evaluation_2015,
	title = {Evaluation of an {OAuth} 2.0 protocol implementation for web server applications},
	doi = {10.1109/IEMCON.2015.7344461},
	author = {Darwish, Marwan and Ouda, Abdelkader},
	month = oct,
	year = {2015},
	pages = {1--4},
}


@incollection{matyas_your_2018,
	address = {Cham},
	title = {Your {Code} {Is} {My} {Code}: {Exploiting} a {Common} {Weakness} in {OAuth} 2.0 {Implementations}},
	volume = {11286},
	isbn = {978-3-030-03250-0 978-3-030-03251-7},
	shorttitle = {Your {Code} {Is} {My} {Code}},
	booktitle = {Security {Protocols} {XXVI}},
	publisher = {Springer International Publishing},
	author = {Li, Wanpeng and Mitchell, Chris J. and Chen, Thomas},
	editor = {Matyáš, Vashek and Švenda, Petr and Stajano, Frank and Christianson, Bruce and Anderson, Jonathan},
	year = {2018},
	doi = {10.1007/978-3-030-03251-7_3},
	pages = {24--41},}


@incollection{almgren_more_2015,
	address = {Cham},
	title = {More {Guidelines} {Than} {Rules}: {CSRF} {Vulnerabilities} from {Noncompliant} {OAuth} 2.0 {Implementations}},
	volume = {9148},
	isbn = {978-3-319-20549-6 978-3-319-20550-2},
	shorttitle = {More {Guidelines} {Than} {Rules}},
	booktitle = {Detection of {Intrusions} and {Malware}, and {Vulnerability} {Assessment}},
	publisher = {Springer International Publishing},
	author = {Shernan, Ethan and Carter, Henry and Tian, Dave and Traynor, Patrick and Butler, Kevin},
	editor = {Almgren, Magnus and Gulisano, Vincenzo and Maggi, Federico},
	year = {2015},
	doi = {10.1007/978-3-319-20550-2_13},
	pages = {239--260},
}


@inproceedings{lin_threat_2009,
	address = {Vancouver, BC, Canada},
	title = {Threat {Modeling} for {CSRF} {Attacks}},
	isbn = {978-1-4244-5334-4},
	doi = {10.1109/CSE.2009.372},
	booktitle = {2009 {International} {Conference} on {Computational} {Science} and {Engineering}},
	publisher = {IEEE},
	author = {Lin, Xiaoli and Zavarsky, Pavol and Ruhl, Ron and Lindskog, Dale},
	year = {2009},
	pages = {486--491},
}


@inproceedings{barth_robust_2008,
	address = {Alexandria Virginia USA},
	title = {Robust defenses for cross-site request forgery},
	isbn = {978-1-59593-810-7},
	doi = {10.1145/1455770.1455782},
	booktitle = {Proceedings of the 15th {ACM} conference on {Computer} and communications security},	publisher = {ACM},
	author = {Barth, Adam and Jackson, Collin and Mitchell, John C.},
	month = oct,
	year = {2008},
	pages = {75--88},
}


@incollection{chow_security_2014,
	address = {Cham},
	title = {Security {Issues} in {OAuth} 2.0 {SSO} {Implementations}},
	volume = {8783},
	isbn = {978-3-319-13256-3 978-3-319-13257-0},
	booktitle = {Information {Security}},
	publisher = {Springer International Publishing},
	author = {Li, Wanpeng and Mitchell, Chris J.},
	editor = {Chow, Sherman S. M. and Camenisch, Jan and Hui, Lucas C. K. and Yiu, Siu Ming},
	year = {2014},
	doi = {10.1007/978-3-319-13257-0_34},
	pages = {529--541},
}


@inproceedings{taly_automated_2011,
	address = {Oakland, CA, USA},
	title = {Automated {Analysis} of {Security}-{Critical} {JavaScript} {APIs}},
	isbn = {978-1-4577-0147-4},
	doi = {10.1109/SP.2011.39},
	booktitle = {2011 {IEEE} {Symposium} on {Security} and {Privacy}},
	publisher = {IEEE},
	author = {Taly, Ankur and Erlingsson, Ulfar and Mitchell, John C. and Miller, Mark S. and Nagra, Jasvir},
	month = may,
	year = {2011},
	pages = {363--378},
}


@inproceedings{chinprutthiwong_security_2020,
	address = {Austin USA},
	title = {Security {Study} of {Service} {Worker} {Cross}-{Site} {Scripting}.},
	isbn = {978-1-4503-8858-0},
	doi = {10.1145/3427228.3427290},	booktitle = {Annual {Computer} {Security} {Applications} {Conference}},
	publisher = {ACM},
	author = {Chinprutthiwong, Phakpoom and Vardhan, Raj and Yang, GuangLiang and Gu, Guofei},
	month = dec,
	year = {2020},
	pages = {643--654},
}


@misc{noauthor_backjonasoauth-client_nodate,
	title = {backjonas/oauth-client},
	url = {https://github.com/backjonas/oauth-client},
	urldate = {2024-05-27},
}


@inproceedings{khodayari_state_2022,
	address = {San Francisco, CA, USA},
	title = {The {State} of the {SameSite}: {Studying} the {Usage}, {Effectiveness}, and {Adequacy} of {SameSite} {Cookies}},
	copyright = {https://doi.org/10.15223/policy-009},
	isbn = {978-1-66541-316-9},
	shorttitle = {The {State} of the {SameSite}},
	doi = {10.1109/SP46214.2022.9833637},
	booktitle = {2022 {IEEE} {Symposium} on {Security} and {Privacy} ({SP})},
	publisher = {IEEE},
	author = {Khodayari, Soheil and Pellegrino, Giancarlo},
	month = may,
	year = {2022},
	pages = {1590--1607},
}

@misc{rfc7636,
    series =    {Request for Comments},
    number =    7636,
    howpublished =  {RFC 7636},
    publisher = {RFC Editor},
    doi =       {10.17487/RFC7636},
    author =    {Nat Sakimura and John Bradley and Naveen Agarwal},
    title =     {{Proof Key for Code Exchange by OAuth Public Clients}},
    pagetotal = 20,
    year =      2015,
    month =     sep,
}

@techreport{ietf-oauth-security-topics-27,
    number =    {draft-ietf-oauth-security-topics-27},
    type =      {Internet-Draft},
    institution =   {Internet Engineering Task Force},
    publisher = {Internet Engineering Task Force},
    note =      {Work in Progress},
    url =       {https://datatracker.ietf.org/doc/draft-ietf-oauth-security-topics/27/},
    author =    {Torsten Lodderstedt and John Bradley and Andrey Labunets and Daniel Fett},
    title =     {{OAuth 2.0 Security Best Current Practice}},
    pagetotal = 59,
    year =      2024,
    month =     may,
    day =       7,
}

@techreport{dang_secure_2015,
	title = {Secure {Hash} {Standard}},
	number = {NIST FIPS 180-4},
	institution = {National Institute of Standards and Technology},
	author = {Dang, Quynh H.},
	month = jul,
	year = {2015},
	doi = {10.6028/NIST.FIPS.180-4},
	pages = {NIST FIPS 180--4},
}

@article{hellman_overview_1978,
	title = {An {Overview} of {Public} {Key} {Cryptography}},
	journal = {IEEE COMMUNICATIONS SOCIETY MAGAZINE},
	author = {Hellman, Martin E},
	year = {1978},
}

@article{diffie_new_1976,
	title = {New directions in cryptography},
	volume = {22},
	issn = {0018-9448, 1557-9654},
	doi = {10.1109/TIT.1976.1055638},
	number = {6},
	journal = {IEEE Transactions on Information Theory},
	author = {Diffie, W. and Hellman, M.},
	month = nov,
	year = {1976},
	pages = {644--654},
}


@techreport{gillmor_negotiated_2016,
	title = {Negotiated {Finite} {Field} {Diffie}-{Hellman} {Ephemeral} {Parameters} for {Transport} {Layer} {Security} ({TLS})},
	number = {RFC7919},
	institution = {RFC Editor},
	author = {Gillmor, D.},
	month = aug,
	year = {2016},
	doi = {10.17487/RFC7919},
	pages = {RFC7919},
}


@incollection{jarecki_symmetric-key_2020,
	address = {Cham},
	title = {Symmetric-{Key} {Authenticated} {Key} {Exchange} ({SAKE}) with {Perfect} {Forward} {Secrecy}},
	volume = {12006},
	isbn = {978-3-030-40185-6 978-3-030-40186-3},
	booktitle = {Topics in {Cryptology} – {CT}-{RSA} 2020},
	publisher = {Springer International Publishing},
	author = {Avoine, Gildas and Canard, Sébastien and Ferreira, Loïc},
	editor = {Jarecki, Stanislaw},
	year = {2020},
	doi = {10.1007/978-3-030-40186-3_10},
	pages = {199--224},
}


@misc{noauthor_oauth_clientside,
	title = {{OAuth} 2.0 for {Client}-side {Web} {Applications} {\textbar} {Authorization} {\textbar} {Google} for {Developers}},
	url = {https://developers.google.com/identity/protocols/oauth2/javascript-implicit-flow},
	urldate = {2024-05-14},
}


@misc{owenrichards1_microsoft_2024,
	title = {Microsoft identity platform and {OAuth} 2.0 implicit grant flow - {Microsoft} identity platform},
	url = {https://learn.microsoft.com/en-us/entra/identity-platform/v2-oauth2-implicit-grant-flow},
	urldate = {2024-05-14},
	author = {OwenRichards1},
	month = apr,
	year = {2024},
}


@misc{noauthor_oauth_desktop,
	title = {{OAuth} 2.0 for {Mobile} \& {Desktop} {Apps} {\textbar} {Authorization}},
	url = {https://developers.google.com/identity/protocols/oauth2/native-app},
	urldate = {2024-05-14},
	journal = {Google for Developers},
}


@misc{noauthor_oauth_server,
	title = {Using {OAuth} 2.0 for {Web} {Server} {Applications} {\textbar} {Authorization}},
	url = {https://developers.google.com/identity/protocols/oauth2/web-server},
	urldate = {2024-05-14},
	journal = {Google for Developers},
}


@article{kim_authentication_2017,
	title = {Authentication and {Authorization} for the {Internet} of {Things}},
	volume = {19},
	issn = {1520-9202},
	doi = {10.1109/MITP.2017.3680960},
	number = {5},
	journal = {IT Professional},
	author = {Kim, Hokeun and Lee, Edward A.},
	year = {2017},
	pages = {27--33},
}


@misc{noauthor_express_nodate,
	title = {Express routing},
	url = {https://expressjs.com/en/guide/routing.html},
	urldate = {2024-05-20},
}


@misc{noauthor_react_nodate,
	title = {React},
	url = {https://react.dev/},
	urldate = {2024-05-20},
}

@misc{noauthor_crypto_nodate,
	title = {Crypto {\textbar} {Node}.js v22.2.0 {Documentation}},
	url = {https://nodejs.org/api/crypto.html},
	urldate = {2024-05-20},
}


@inproceedings{dowling_cryptographic_2015,
	address = {Denver Colorado USA},
	title = {A {Cryptographic} {Analysis} of the {TLS} 1.3 {Handshake} {Protocol} {Candidates}},
	isbn = {978-1-4503-3832-5},
	doi = {10.1145/2810103.2813653},
	booktitle = {Proceedings of the 22nd {ACM} {SIGSAC} {Conference} on {Computer} and {Communications} {Security}},
	publisher = {ACM},
	author = {Dowling, Benjamin and Fischlin, Marc and Günther, Felix and Stebila, Douglas},
	month = oct,
	year = {2015},
	pages = {1197--1210},
}


@article{dhamija_seven_2008,
	title = {The {Seven} {Flaws} of {Identity} {Management}: {Usability} and {Security} {Challenges}},
	volume = {6},
	issn = {1540-7993},
	shorttitle = {The {Seven} {Flaws} of {Identity} {Management}},
	doi = {10.1109/MSP.2008.49},
	number = {2},
	journal = {IEEE Security \& Privacy Magazine},
	author = {Dhamija, Rachna and Dusseault, Lisa},
	month = mar,
	year = {2008},
	pages = {24--29},
}
